@article{lord1967paradox,
  title={A paradox in the interpretation of group comparisons.},
  author={Lord, Frederic M},
  journal={Psychological bulletin},
  volume={68},
  number={5},
  pages={304},
  year={1967},
  publisher={American Psychological Association}
}
@article{tennant2022,
	title = {OP09{\hspace{0.25em}}Lord{\textquoteright}s {\textquoteleft}paradox{\textquoteright} explained: The 50-year warning on the analyses of {\textquoteleft}change scores{\textquoteright}*},
	author = {Tennant, Peter WG and Tomova, Georgia D and Arnold, Kellyn F and Gilthorpe, Mark S},
	year = {2022},
	month = {08},
	date = {2022-08},
	journal = {SSM Annual Scientific Meeting},
	doi = {10.1136/jech-2022-ssmabstracts.9},
	url = {http://dx.doi.org/10.1136/jech-2022-SSMabstracts.9}
}

@article{pearl2016,
	title = {Lord{\textquoteright}s Paradox Revisited {\textendash} (Oh Lord! Kumbaya!)},
	author = {Pearl, Judea},
	year = {2016},
	month = {09},
	date = {2016-09-01},
	journal = {Journal of Causal Inference},
	volume = {4},
	number = {2},
	doi = {10.1515/jci-2016-0021},
	url = {http://dx.doi.org/10.1515/jci-2016-0021},
	langid = {en}
}
