
@article{wang2019,
	title = {Analysis of Covariance in Randomized Trials: More Precision and Valid Confidence Intervals, Without Model Assumptions},
	author = {Wang, Bingkai and Ogburn, Elizabeth L. and Rosenblum, Michael},
	year = {2019},
	month = {04},
	date = {2019-04-22},
	journal = {Biometrics},
	pages = {1391--1400},
	volume = {75},
	number = {4},
	doi = {10.1111/biom.13062},
	url = {http://dx.doi.org/10.1111/biom.13062},
	langid = {en}
}
